<?xml version="1.0" encoding="UTF-8"?><record xmlns="http://www.loc.gov/MARC21/slim" xmlns:cinclude="http://apache.org/cocoon/include/1.0" xmlns:zs="http://www.loc.gov/zing/srw/">
  <leader>00452nz  a2200133n  4500</leader>
  <controlfield tag="001">no 90020768 </controlfield>
  <controlfield tag="003">DLC</controlfield>
  <controlfield tag="005">19901102173427.8</controlfield>
  <controlfield tag="008">901001n| acannaab|          |n ana     c</controlfield>
  <datafield tag="010" ind1=" " ind2=" ">
    <subfield code="a">no 90020768 </subfield>
  </datafield>
  <datafield tag="040" ind1=" " ind2=" ">
    <subfield code="a">IEN</subfield>
    <subfield code="c">IEN</subfield>
  </datafield>
  <datafield tag="110" ind1="2" ind2="0">
    <subfield code="a">University of Cross River State.</subfield>
    <subfield code="b">Ikot Osurua Campus</subfield>
  </datafield>
  <datafield tag="670" ind1=" " ind2=" ">
    <subfield code="a">Ukpanah, G. Directory of judicial officers and members ... 1989:</subfield>
    <subfield code="b">p. ii (University of Cross River State, Ikot Osurua Campus)</subfield>
  </datafield>
  <datafield tag="675" ind1=" " ind2=" ">
    <subfield code="a">World of learn., 1990</subfield>
  </datafield>
</record>